% BIBTEX FILE FOR THESIS

% Some software which can automatically create BiBTeX files: EndNote (free from MU IT Dept), JabRef, BibTool
% Visit http://www.bibtex.org for more information
% Resource for managing and discovering scholarly resources: http://www.citeulike.org

% Below is a short example of how to include a journal article, book, PhD Thesis, and unpublished material in BiBTeX format


% Articles
%**********

@ARTICLE{OBTMBD01,
   AUTHOR	=	"Mauroy, B. and Filoche, M. and Weibel, E. R. and Sapoval, B.",
   TITLE	=	"An Optimal Bronchial Tree May Be Dangerous",
   JOURNAL	=	"Nature",
   VOLUME	=	"427",
   PAGES	=	"633-636",
   YEAR		=	"2004"
}

@article{zeiler2012adadelta,
	Author = {Zeiler, Matthew D},
	Date-Added = {2017-04-15 01:51:57 +0000},
	Date-Modified = {2017-04-15 01:53:01 +0000},
	Journal = {arXiv preprint arXiv:1212.5701},
	Title = {ADADELTA: an adaptive learning rate method},
	Year = {2012},
	}

@article{ioffe2015batch,
	Author = {Ioffe, Sergey and Szegedy, Christian},
	Date-Added = {2017-04-15 01:55:36 +0000},
	Date-Modified = {2017-04-15 01:57:49 +0000},
	Journal = {arXiv preprint arXiv:1502.03167},
	Title = {Batch normalization: Accelerating deep network training by reducing internal covariate shift},
	Year = {2015},
	}

@article{srivastava2014dropout,
	Author = {Srivastava, Nitish and Hinton, Geoffrey E and Krizhevsky, Alex and Sutskever, Ilya and Salakhutdinov, Ruslan},
	Date-Added = {2017-04-15 01:53:33 +0000},
	Date-Modified = {2017-04-15 01:55:15 +0000},
	Journal = {Journal of Machine Learning Research},
	Title = {Dropout: a simple way to prevent neural networks from overfitting.},
	Year = {2014},
	}

@article{chung2014empirical,
	Author = {Chung, Junyoung and Gulcehre, Caglar and Cho, KyungHyun and Bengio, Yoshua},
	Date-Added = {2017-04-15 02:16:50 +0000},
	Date-Modified = {2017-04-15 02:17:25 +0000},
	Journal = {arXiv preprint arXiv:1412.3555},
	Title = {Empirical evaluation of gated recurrent neural networks on sequence modeling},
	Year = {2014}}

@article{sak2014long,
	Author = {Sak, Ha{\c{s}}im and Senior, Andrew and Beaufays, Fran{\c{c}}oise},
	Date-Added = {2017-04-15 02:04:45 +0000},
	Date-Modified = {2017-04-15 02:05:33 +0000},
	Journal = {arXiv preprint arXiv:1402.1128},
	Title = {Long short-term memory based recurrent neural network architectures for large vocabulary speech recognition},
	Year = {2014}}


@article{Z.Li2016,
	Author = {Li, Zhen and Yu, Yizhou},
	Date = {2016},
	Date-Added = {2017-04-14 19:02:37 +0000},
	Date-Modified = {2017-04-14 19:04:19 +0000},
	Journal = {arXiv preprint arXiv:1604.07176},
	Title = {Protein Secondary Structure Prediction Using Cascaded Convolutional and Recurrent Neural Networks},
	Year = {2016},
	}

@article{abadi2016tensorflow,
	Author = {Abadi, Mart{\'\i}n and Agarwal, Ashish and Barham, Paul and Brevdo, Eugene and Chen, Zhifeng and Citro, Craig and Corrado, Greg S and Davis, Andy and Dean, Jeffrey and Devin, Matthieu and others},
	Date-Added = {2017-04-15 02:12:37 +0000},
	Date-Modified = {2017-04-15 02:14:24 +0000},
	Journal = {arXiv preprint arXiv:1603.04467},
	Title = {Tensorflow: Large-scale machine learning on heterogeneous distributed systems},
	Year = {2016}}

@conference{glorot2010understanding,
	Author = {Glorot, Xavier and Bengio, Yoshua},
	Booktitle = {Aistats},
	Date-Added = {2017-04-15 02:07:22 +0000},
	Date-Modified = {2017-04-15 02:08:51 +0000},
	Pages = {249--256},
	Title = {Understanding the difficulty of training deep feedforward neural networks.},
	Volume = {9},
	Year = {2010}}

@article{chung2014empirical,
  title={Empirical evaluation of gated recurrent neural networks on sequence modeling},
  author={Chung, Junyoung and Gulcehre, Caglar and Cho, KyungHyun and Bengio, Yoshua},
  journal={arXiv preprint arXiv:1412.3555},
  year={2014}
}

@article{yaseen2014context,
  title={Context-based features enhance protein secondary structure prediction accuracy},
  author={Yaseen, Ashraf and Li, Yaohang},
  journal={Journal of chemical information and modeling},
  volume={54},
  number={3},
  pages={992--1002},
  year={2014},
  publisher={ACS Publications}
}

@inproceedings{zhou2014deep,
  title={Deep supervised and convolutional generative stochastic network for protein secondary structure prediction},
  author={Zhou, Jian and Troyanskaya, Olga},
  booktitle={International Conference on Machine Learning},
  pages={745--753},
  year={2014}
}

@inproceedings{donahue2015long,
  title={Long-term recurrent convolutional networks for visual recognition and description},
  author={Donahue, Jeffrey and Anne Hendricks, Lisa and Guadarrama, Sergio and Rohrbach, Marcus and Venugopalan, Subhashini and Saenko, Kate and Darrell, Trevor},
  booktitle={Proceedings of the IEEE conference on computer vision and pattern recognition},
  pages={2625--2634},
  year={2015}
}

@article{bengio1994learning,
  title={Learning long-term dependencies with gradient descent is difficult},
  author={Bengio, Yoshua and Simard, Patrice and Frasconi, Paolo},
  journal={IEEE transactions on neural networks},
  volume={5},
  number={2},
  pages={157--166},
  year={1994},
  publisher={IEEE}
}


@article{hochreiter1997long,
  title={Long short-term memory},
  author={Hochreiter, Sepp and Schmidhuber, J{\"u}rgen},
  journal={Neural computation},
  volume={9},
  number={8},
  pages={1735--1780},
  year={1997},
  publisher={MIT Press}
}


@article{cho2014learning,
  title={Learning phrase representations using RNN encoder-decoder for statistical machine translation},
  author={Cho, Kyunghyun and Van Merri{\"e}nboer, Bart and Gulcehre, Caglar and Bahdanau, Dzmitry and Bougares, Fethi and Schwenk, Holger and Bengio, Yoshua},
  journal={arXiv preprint arXiv:1406.1078},
  year={2014}
}

@article{altschul1997gapped,
  title={Gapped BLAST and PSI-BLAST: a new generation of protein database search programs},
  author={Altschul, Stephen F and Madden, Thomas L and Sch{\"a}ffer, Alejandro A and Zhang, Jinghui and Zhang, Zheng and Miller, Webb and Lipman, David J},
  journal={Nucleic acids research},
  volume={25},
  number={17},
  pages={3389--3402},
  year={1997},
  publisher={Oxford Univ Press}
}

@article{zaremba2015empirical,
  title={An empirical exploration of recurrent network architectures},
  author={Zaremba, Wojciech},
  year={2015}
}

% Books
%*******

@BOOK{GDtFLL01,
   Author = "Hou, C. and Gheorghui, S. and Coppens, M-O and Huxley, V. H. and Pfeifer, P.",
   Title = "Gas Diffusion through the Fractal Landscape of Lung: How Deep Does Oxygen Enter the Alveolar System?",
   Volume = 4,
   series = "Fractals in Biology and Medicine",
   Publisher = "Birkhauser Verlag",
   Address = "Basel, Switzerland",
   Edition = "First",
   Year = "2005"
}

@article{busia2016protein,
  title={Protein Secondary Structure Prediction Using Deep Multi-scale Convolutional Neural Networks and Next-Step Conditioning},
  author={Busia, Akosua and Collins, Jasmine and Jaitly, Navdeep},
  journal={arXiv preprint arXiv:1611.01503},
  year={2016}
}

@article{kingma2014adam,
  title={Adam: A method for stochastic optimization},
  author={Kingma, Diederik and Ba, Jimmy},
  journal={arXiv preprint arXiv:1412.6980},
  year={2014}
}

@inproceedings{szegedy2015going,
  title={Going deeper with convolutions},
  author={Szegedy, Christian and Liu, Wei and Jia, Yangqing and Sermanet, Pierre and Reed, Scott and Anguelov, Dragomir and Erhan, Dumitru and Vanhoucke, Vincent and Rabinovich, Andrew},
  booktitle={Proceedings of the IEEE Conference on Computer Vision and Pattern Recognition},
  pages={1--9},
  year={2015}
}

@article{wang2003pisces,
  title={PISCES: a protein sequence culling server},
  author={Wang, Guoli and Dunbrack, Roland L},
  journal={Bioinformatics},
  volume={19},
  number={12},
  pages={1589--1591},
  year={2003},
  publisher={Oxford Univ Press}
}

@article{cooijmans2016recurrent,
  title={Recurrent batch normalization},
  author={Cooijmans, Tim and Ballas, Nicolas and Laurent, C{\'e}sar and G{\"u}l{\c{c}}ehre, {\c{C}}a{\u{g}}lar and Courville, Aaron},
  journal={arXiv preprint arXiv:1603.09025},
  year={2016}
}

@article{luong2015effective,
  title={Effective approaches to attention-based neural machine translation},
  author={Luong, Minh-Thang and Pham, Hieu and Manning, Christopher D},
  journal={arXiv preprint arXiv:1508.04025},
  year={2015}
}

@article{sonderby2014protein,
  title={Protein secondary structure prediction with long short term memory networks},
  author={S{\o}nderby, S{\o}ren Kaae and Winther, Ole},
  journal={arXiv preprint arXiv:1412.7828},
  year={2014}
}

@article{wang2011protein,
  title={Protein 8-class secondary structure prediction using conditional neural fields},
  author={Wang, Zhiyong and Zhao, Feng and Peng, Jian and Xu, Jinbo},
  journal={Proteomics},
  volume={11},
  number={19},
  pages={3786--3792},
  year={2011},
  publisher={Wiley Online Library}
}
% PHD Theses
%************

@PHDTHESIS{CHEN,
   author = "Hou, C.",
   title = "Scaling Laws for Oxygen Transport Across the Space-Filling System of Respiratory Membranes in the Human Lung",
   school = "University of Missouri",
   type = "PhD Dissertation",
   address = "Department of Physics and Astronomy",
   year = "2005"
}


% Unpublished
%*************

@UNPUBLISHED{U01,
   author = "Pfeifer, P. and Liu, K-Y and Hagerty, P. J.",
   title = "Wetting transition and screening transition on fractal surfaces: Critical phenomena which do not exist on flat surfaces",
   note = "Unpublished",
}






@webpage{loss_masking,
	Date-Added = {2017-04-15 02:18:29 +0000},
	Date-Modified = {2017-04-15 02:18:56 +0000},
	Url = {https://github.com/dennybritz/tf-rnn/blob/master/loss_masking.py.ipynb}}
